2550 3300
410 432 224 101 Thônex

379 1210 316 122 Combustibles

361 1514 354 128 Infirmier Tissot

748 349 1243 143 La Commune de Thônex demande une

706 432 1414 138 augmentation du prix de fosse, soit 15 f^. : au lieu

693 511 1407 125 de 8 f^r. : Comme l'Etat à donne une allocation

695 586 1403 118 de 5000 francs lors de l'agrandissement du

693 661 1361 120 cimetière, la demande semble mal fondée.

687 728 1444 127 Après discussion MM. Vuaillat, Megévand, &

711 817 1428 108 Weber, la question est renvoyée à M^r le Président

686 902 1427 100 pour enquête. Un échange de vues est engagé

693 977 1422 101 au sujet d'incinérer ce qui serait le mieux

684 1045 1352 115 La question mise à l'étude, car l'hôpital

687 1136 1294 83 incinère déjà les non réclamées.

720 1204 1365 101 Les briquettes n'entrent plus et les cokes en

700 1287 1369 93 petite quantité, l'Econome continuera

708 1365 1289 94 pourparlers afin de ne pas en manquer &

704 1446 860 73 approvisionner au plus vite.

753 1501 1406 96 L'infirmier Tissot réclame son traitement pour

684 1584 1488 91 sa nouvelle période militaire. M^r. le Directeur

693 1668 1413 84 déclare qu'il n'est pas très intéressant car il a

687 1749 1382 78 laisser échapper un malade. Néanmoins

686 1816 1476 87 comme les jardiniers et valets de chambre ont touché

680 1970 884 81 du 33% de leur salaire, il est décidé d'en faire

693 1895 1442 85 Chauffage

767 2032 1384 113 M^r. le Directeur dit que les chaudières donnent

671 2120 1507 99 insuffisamment de chaleur & Consomment énormément

693 2194 1416 94 après échange de vues MM. Vuaillat, Mégevand,

676 2263 1483 115 Perthon, il est décidé de faire faire une étude d'aménage-

668 2340 1458 121 ment ou de changement complet des dites aux trois

665 2420 1508 137 maisons suivantes de la place. '' Calorie'' . Gras - & Grünholz

706 2491 1376 124 Un petit accident étant survenu, l'Assurance

684 2575 864 105 estime les dégâts à 80 francs.

1059 2653 819 105 Séance Levée à 5heures 1/0

1136 2725 896 126 Le Président

403 2100 241 0 autant dans le cas présent.

380 2545 264 10 Assur^ce. gel

737 2792 371 99 Visite de l'établissement.

840 2891 191 82 J.Mussard

1700 2849 316 77 Le secrétaire :

1510 2895 506 168 L.Purnon-Fès
