2550 3300
979 313 833 127 Séance du 9 Février 1915

750 481 1282 88 Présidence de M^. de Conseiller d'Etat Mussard

803 552 1254 116 Membres présents MM. Falquet, Bochet, Weber et

756 643 1175 102 Couchet - Excusés : M. Perthon et Navazza

324 800 327 124 D^elle.  de Sergent

352 1036 181 116 D^me. Rey

338 1287 393 110 Girod, électricien

343 1661 328 68 Etat civil des

388 1779 169 15 décèdes

770 805 1323 83 Lettre du directeur concernant la tentative de

772 874 1359 102 suicide de Dame de Sergent ; pas de suites gra-

1122 855 91 60 ^elle

764 962 124 72 ves.

816 1045 1255 88 M^me.  Rey n'a pas encore signé la convention

772 1102 1376 88 relative à sa pension, en suite de sa démission

767 1190 553 97 pour cause de santé.

819 1278 1304 75 Lettre de M^. Girod, électricien relative à son

770 1344 1312 80 indemnité parce qu'il ne boit pas de vin. La

783 1410 1291 105 commission estime qu'il n'y à pas lieu de lui

783 1487 1285 105 accorder plus que les 5 fr. donnés à tous les

786 1581 473 93 employés hommes

819 1661 1274 74 La direction signale les difficultés nouvelles que

778 1724 1359 96 lui suscite le maire de Thonex pour l'inscription

781 1806 1298 88 des décès, et la visite du médecin inspecteur. La

786 1875 1356 110 lettre a été envoyée au dep^t. de Justice et police

797 1958 385 82 pour décision.

811 2054 1235 69 Le matelassier était jusqu'à ce jour un des

794 2109 1324 99 malades. Il a un cancer et a du être remplacé

792 2189 1067 85 dans ce service par une infirmier.

830 2285 825 69 Les recettes de Janvier sont de

838 2343 721 90 les dépenses ""

1411 2425 167 113 Déficit

792 2508 1273 101 Plus fort qu'en 1914 par suite de l'obligation

800 2574 1012 107 de payer comptant le combustible

841 2670 1315 80 Plusieurs des poteaux de l'avenue sont en mau-

819 2719 1326 124 sais état. Le directeur est chargé de voir avec

808 2813 1321 113 la commune si elle ne prolongerait pas la

822 2882 1076 121 canalisation pour l'eclairage au gaz.

825 2970 1301 126 Le fermier demande une diminution du prix

363 2048 283 105 Matelassier

341 2279 390 113 Rapports du mois

1760 2282 300 83 16.567^F.85

1768 2343 297 77 38.630.10

1766 2425 288 83 22.062^F,55

352 2648 407 140 Poteaux électriques

379 2948 283 99 Fermier
