2550 3300
995 338 663 107 Séance du 8 juin 1915

888 489 1029 91 Présidence M^r. Le Conseiller d'Etat Mussard

935 566 1246 105 Sont présents : MM. Mussard, M. Falquet, M^.Mégévand

872 646 833 88 Perthon, Besson, M^r. Weber et Couchet

448 792 302 96 Accident Eberli

423 1023 355 118 M^me. Rey - pension

442 1259 308 99 Chaudières, offres

434 1476 374 105 Rapport du directeur

451 1564 335 75 " de l'Econome

927 737 1185 71 La commission prend connaissance d'une lettre

877 805 1293 94 de M^r. Eberli qui s'est fait un plaie à la main

861 896 1136 66 et il s'est produit une infection. Quelle sera

869 951 1315 83 l'attitude de l'assurance ? Eberli a repris le service.

916 1023 1257 107 Le conseil d'Etat a accepté le recours de M^me. Rey

861 1102 1163 108 qui aura droit à la pension d'une façon

852 1174 182 96 définitive.

927 1251 1207 96 Plusieurs maisons ont envoyé des devis pour la

866 1344 1202 91 fourniture de 2 chaudières & pr ls réparations

863 1410 699 97 La sou-commission rapportera.

938 1487 376 94 Rien d'anormal

951 1564 707 86 Recettes de Mai 19 455.65

954 1639 707 90 Dépenses " 45 445.30

880 1713 1185 96 Le chiffre élevé des dépenses provient surtout de

869 1773 492 105 l'achat de charbons

971 1848 1133 118 2249 journées au 31 Mai en plus / 1914.

916 1941 1155 91 La question du charbon parait s'arranger.

866 2024 1073 88 Nous sommes pourvus pour un certain temps.

965 2081 1249 116 Ls employés avaient demandé un Règlement de

855 2161 1257 96 service. Il y a un Règlement général qui date

863 2244 1175 96 de la fondation de l’asile auquel tous ls

869 2312 1147 105 employés doivent se soumettre. Un nouveau

869 2403 842 80 règlement n'est pas nécessaire.

880 2475 1317 93 La question ds employés étrangers a attiré l'attention

855 2546 1282 96 du Directeur. Il existe à Bel-Air, comme à

866 2612 1331 116 l'hôpital ds employés étrangers. Il faut en employer

866 2711 1224 94 le moins possible quand on peut trouver des

866 2769 1092 113 nationaux. La direction fera pour la mieux.

951 2851 1189 116 M^r. Guyon qui possède un terrain derrière le

880 2917 1254 130 domaine de Bel-Air demande que lui et sa

473 1944 165 80 Charbon

442 2087 394 129 Règlement de service

448 2466 355 121 Employés étrangers

431 2829 421 154 Demande Monsieur Guyon
