2550 3300
420 570 392 69 Soumission viande

836 278 1231 138 des lavures, la quantité étant moindre. Le même

827 364 1255 136 cas s'est produit à l'hôpital ; le rabais a été

831 445 1014 143 refusé - Il sera répondu négativement.

860 555 468 81 2 soumissions :

840 590 1271 117 MMM. Rocanier et Rauph, fournisseurs actuels

834 676 1257 123 offrent la viande suivant une liste de prix

842 759 1220 97 ou avec rabais de 16% sur les prix du

843 861 490 64 syndicat.

898 896 1090 116 M^r. Micolod offre rabais de 16%.-

864 988 1284 95 La commission estime que dans les circonstances

834 1065 1270 95 actuelles les prix de la liste ne seront pas

836 1149 1284 84 tenus ; il vaut mieux accepter le rabais de

860 1222 182 85 16%.

854 1290 1279 94 le rabais étant le même, S. Micolod étant

842 1376 1308 88 citoyen Suisse, et MM. Jocanier et Rauph four-

840 1448 1310 101 nissant déjà l'hôpital, il est décidé d'adjuger

860 1529 567 78 à M^r. Micolod.

1018 1589 649 103 Seance levée à 5h 3/4

891 1666 437 106 Le Président

1008 1750 318 105 J.Mussard

1016 1980 831 113 Séance du 9 mars 1915.

820 2132 1258 112 Présidence de M. le Conseiller d'Etat Mussard.

873 2214 1299 127 Membres présents: MM. Bochet, Perthon, Navazza,

821 2284 1329 121 Falquet, Ritzchel, Mégevand. - M. Weber et Couchet

404 2497 393 129 Boucherie Micolod

803 2431 1352 132 Le procès verbal de la précédente séance est lu et adopté.

910 2516 1252 146 M^r. Falquet dit avoir appris que M^. Micolod

808 2601 1307 140 auquel la fourniture de viande a été adjugée

816 2678 641 110 n'a pas de boucherie.

885 2747 1260 151 M^r. Couchet confirme le fait, mais dans quelques

827 2816 1351 167 jours il l'aura. Attendre jusque là pour réclamer

822 2898 1304 151 au sujet des fournitures qui laissent à désirer
