2550 3300
709 242 1348 156 femme soient autorisés à passer par l'asile

717 313 1384 149 pour aller à son terrain. Il habite du côté de l'avenue

712 407 1397 118 de Bel-Air. M^r. le Directeur fera le nécessaire à

709 495 1414 104 condition que le passage ne soit autorisé qu'à pied.

1006 558 517 118 Séance levée 5^h.30

720 662 319 102 Le Président

805 723 281 135 J.Mussard

1639 624 363 93 Le Secrétaire

1735 720 245 160 F.Purnon

1070 962 811 96 Séance du 13 juillet 1915

761 1045 1307 99 Présidence de M^r. le conseiller d'état Mussard

715 1102 1268 113 Sont présents : MM. Navazza, D^r. Mégévand, Perthon

726 1182 1114 102 D^r. Falquet, Besson, D^r. Weber & Couchet

324 1265 322 104 Rapport Econome

346 1812 228 96 Boucher

781 1287 608 79 Recettes [du mois de Juin] 22645.20

800 1355 597 86 Dépenses '' 41296.50

772 1416 1238 110 Différence ds Recettes au 30 juin / 1914 F 30660.75

1072 1504 930 99 Dépenses '' 11014.70

767 1581 1342 96 L'augmentation ds dépenses provient du combustible

726 1674 1405 80 au 30 juin on a à peu près dépensé la 1/2 du budget,

792 1746 1232 88 Journées de malade en plus /1915 - 2729

756 1809 1386 88 Le Boucher Micolod avait commissionné & il n'avait

717 1892 1370 88 pas de boucherie ; il en a fondé une sous le nom

715 1966 1433 104 de ''Boucherie américaine'' avec un gérant italien réfractaire.

731 2048 1376 113 Comme il n'y a rien à redire à la fourniture, il

731 2117 770 118 n'y a pas lieu de changer.

792 2194 1345 116 Le break a besoin de réparations ; le devis

734 2277 1309 107 se monte à 233 fr. Il est décidé d'attendre

794 2354 1335 129 Les meubles manquent aux Villas (chaises longues,

728 2436 1414 118 fauteuils) ; il reste fr 24416 sur le crédit. On

748 2510 1045 135 a fait le nécessaire aux anciens prix.

750 2579 1357 143 Le fermier a sans autorisation, coupé un

745 2667 1397 121 gros chêne derrière la morgue et il a pris le bois.

748 2744 1361 121 On lui réclamera la valeur du bois & on lui

728 2813 1401 148 interdira de couper aucun autre arbre sans autorisations.

761 2901 1373 146 Monsieur Rey a écrit en demandant d'examiner à

352 2194 261 96 Break

330 2359 365 85 Meubles des Villas

316 2579 335 94 Chêne arraché

341 2645 297 107 par le fermier

363 2873 272 174 D^me. Rey
